<?xml version="1.0" encoding="UTF-8"?><record xmlns="http://www.loc.gov/MARC21/slim" xmlns:cinclude="http://apache.org/cocoon/include/1.0" xmlns:zs="http://www.loc.gov/zing/srw/">
  <leader>00491nz  a2200121n  4500</leader>
  <controlfield tag="001">n  92113871 </controlfield>
  <controlfield tag="003">DLC</controlfield>
  <controlfield tag="005">19921125110427.0</controlfield>
  <controlfield tag="008">921125n| acannaab|          |n aaa |||  </controlfield>
  <datafield tag="010" ind1=" " ind2=" ">
    <subfield code="a">n  92113871 </subfield>
  </datafield>
  <datafield tag="040" ind1=" " ind2=" ">
    <subfield code="a">DLC</subfield>
    <subfield code="c">DLC</subfield>
  </datafield>
  <datafield tag="100" ind1="1" ind2="0">
    <subfield code="a">Giles, Harry N.</subfield>
  </datafield>
  <datafield tag="670" ind1=" " ind2=" ">
    <subfield code="a">Conf. on Stability and Handling of Liquid Fuels (4th : 1991 : Orlando, Fla.). Proceeding[s] of the 4th International Conf. on Stability ... 1992:</subfield>
    <subfield code="b">v. 1, t.p. (Harry N. Giles) p. 1 (Strategic Petroleum Reserve Hdqtrs., U.S. Dept. of Energy)</subfield>
  </datafield>
</record>